

@book{zarchan2007tactical,
  title={Tactical and Strategic Missile Guidance},
  author={Zarchan, P.},
  number={v. 219},
  series={AIAA Tactical Missile Series},
  year={2007},
  publisher={American Institute of Aeronautics and Astronautics}
}

@book{yanushevsky2007modern,
  title={Modern Missile Guidance},
  author={Yanushevsky, R.},
  year={2007},
  publisher={Taylor \& Francis}
}

@book{siriouis2007,
title={Missile Guidance and Control Systems},
author={George M. Siouris},
year={2004},
publisher      = {Springer-Verlag New York}

}

@book{shneydor1998missile,
  title={Missile Guidance and Pursuit: Kinematics, Dynamics and Control},
  author={Shneydor, N.A.},
  year={1998},
  publisher={Elsevier Science},
  number={1}
}

@book{drela2014flight,
  title={Flight Vehicle Aerodynamics},
  author={Drela, M.},
  series={FLIGHT VEHICLE AERODYNAMICS},
  year={2014},
  publisher={MIT Press}
}

@book{graovac2005automatsko,
  title={Automatsko vo{\dj}enje objekata u prostoru},
  author={Graovac, S.},  
  year={2005},
  publisher={Akademska misao}
}


